@ONLINE {thingibox2017,
	author = "Thingibox",
	title  = "Motor paso a paso NEMA14",
	year   = "2017",
	url    = "http://store.thingibox.com/es/motores/5-stepper_nema14.html"
}

@ARTICLE {billschweber2015,
	author  = "Bill Schweber",
	title   = "Stepper Motors Make the Right Moves with Precision, Ease and Smarter Drivers",
	journal = "Mouser Electronics",
	year    = "2015"
}

@PROCEEDINGS {driverbib,
	title  = "Microstepping Driver with Translator",
	year   = "2013",
	editor = "Allegro"
}

@PROCEEDINGS {servobib,
	title = "SM-S2309S MOTOR",
	year  = "2015"
}

@ONLINE {SWbib,
	title = "SolidWorks",
	url   = "http://www.solidworks.es/"
}

@ONLINE {PythonWeb,
	title = "Pàgina web de Python",
	url   = "https://www.python.org/"
}

@BOOK {mariadolorsayalavallesp2016,
	author    = "Maria Dolors Ayala Vallesp´",
	title     = "Apunts de Fonaments d’Informàtica",
	publisher = "Universitat Polit`ecnica de Catalunya",
	year      = "2016"
}

@ONLINE {jeffreyelknerallenb.downeyichrismeyers2012,
	author = "Jeffrey Elkner, Allen B. Downey i Chris Meyers",
	title  = "How to Think Like a Computer Scientist: Learning with Python",
	year   = "2012",
	url    = "http://www.openbookproject.net/thinkcs/python/english2e/"
}

@BOOK {petersmid2008,
	author    = "Peter Smid",
	title     = "CNC Programming Handbook",
	publisher = "Indutrial press inc.",
	year      = "2008"
}

@ONLINE {InkBib,
	title = "Pàgina web Inkscape",
	url   = "https://inkscape.org/es/"
}

@ONLINE {InkTutorial,
	title = "Tutorials Inkscape",
	url   = "https://inkscape.org/es/doc/tutorials/basic/tutorial-basic.es.html"
}

@ONLINE {,
	title = "Pàgina web Arduino",
	url   = "https://www.arduino.cc/"
}

@BOOK {massimobanzi2011,
	author    = "Massimo Banzi",
	title     = "Arduino Projects Book",
	publisher = "O'Reilly Media",
	year      = "2011"
}

@ONLINE {,
	title = "Pàgina web Fritzing",
	url   = "http://www.fritzing.org"
}

@ONLINE {guiadelallibreriaaccelstepper,
	author = "Guia de la llibreria AccelStepper",
	title  = "Pàgina web Fritzing",
	url    = "http://www.airspayce.com/mikem/arduino/AccelStepper/"
}

@ONLINE {guiadelallibreriamultistepper,
	author = "Guia de la llibreriaMultiStepper",
	url    = "http://www.airspayce.com/mikem/arduino/AccelStepper/classMultiStepper.html"
}

@ONLINE {HC05Bib,
	title = "Informació sobre el mòdul HC-05",
	url   = "http://www.prometec.net/bt-hc05/"
}

@ONLINE {TkinterBib,
	title = "Guia de la llibreria Tkinter",
	url   = "https://docs.python.org/2/library/tkinter.html"
}

@ONLINE {turtleBib,
	title = "Guia de la llibreria Turtle",
	url   = "https://docs.python.org/2/library/turtle.html"
}

